@article{akamai-report,
    author = {Nygren, Erik and Sitaraman, Ramesh K. and Sun, Jennifer},
    title = {The Akamai Network: A Platform for High-Performance Internet Applications},
    year = {2010},
    publisher = {Association for Computing Machinery},
    volume = {44},
    number = {3},
    journal = {SIGOPS Operating Systems Review},
    month = aug,
    pages = {2–19}
}

@inproceedings{karagiannis,
    author = {Karagiannis, Thomas and Rodriguez, Pablo and Papagiannaki, Konstantina},
    title = {Should Internet Service Providers Fear Peer-Assisted Content Distribution?},
    year = {2005},
    publisher = {USENIX Association},
    booktitle = {Proceedings of the 5th ACM SIGCOMM Conference on Internet Measurement},
    pages = {63-76}
}

@techreport{akamai-retail-report,
    title = {The State of Online Retail Performance},
    author = {Akamai},
    year = {2017},
    month = {Spring},
}

@inproceedings{http-authentication,
    author = {Siriwardena, Prabath},
    title = {HTTP Basic/Digest Authentication},
    booktitle = {Advanced API Security},
    year = {2014},
    pages = {33-46}
}

@INPROCEEDINGS{han2009,
    author={K. {Han} and Q. {Guo} and J. {Luo}},
    booktitle={2009 First International Workshop on Education Technology and Computer Science},
    title={Optimal Peer Selection, Task Assignment and Rate Allocation for P2P Downloading},
    year={2009},
    volume={1},
    month=mar
}

@article{p2p-survey-1,
    author = {Spinellis, Diomidis},
    year = {2004},
    month = dec,
    title = {A survey of peer-to-peer content distribution technologies},
    volume = {36},
    journal = {ACM Computing Surveys (CSUR)}
}

@article{p2p-survey-2,
    author = {Lua, Eng and Crowcroft, Jon and Pias, Marcelo and Sharma, Ravi and Lim, Steven},
    year = {2006},
    month = apr,
    pages = {72- 93},
    title = {A Survey and Comparison of Peer-to-Peer Overlay Network Schemes},
    volume = {7},
    journal = {Communications Surveys & Tutorials, IEEE},
}

@article{configurable-trackers,
    year = 2013,
    month = dec,
    publisher = {Croatian Communications and Information Society},
    volume = {9},
    number = {4},
    pages = {236},
    author = {Pedro Sousa},
    title = {A Framework for Highly Reconfigurable P2P Trackers},
    journal = {Journal of Communications Software and Systems}
}

@INBOOK{programmable-trackers,
    author = {{Sousa}, Pedro},
    title = "{Context Aware Programmable Trackers for the Next Generation Internet}",
    booktitle = {Lecture Notes in Computer Science},
    year = 2009,
    volume = {5733},
    pages = {78},
}

@article{adaptable-overlay,
    year = {2018},
    month = sep,
    publisher = {Springer Science and Business Media {LLC}},
    volume = {12},
    number = {4},
    pages = {809--829},
    author = {Andr{\'{e}} Sampaio and Pedro Sousa},
    title = {An adaptable and {ISP}-friendly multicast overlay network},
    journal = {Peer-to-Peer Networking and Applications}
}

@techreport{cisco2019,
    title = {Cisco Visual Networking Index: Forecast and Trends},
    author = {Cisco},
    year = {2019},
    month = feb,
    url = {https://www.cisco.com/c/en/us/solutions/collateral/service-provider/visual-networking-index-vni/white-paper-c11-741490.html},
    urldate = {2019-02-01}
}

@techreport{sandvine2019,
    author = {Sandvine},
    title = {The global Internet Phenomena report},
    year = {2019},
    month = sep,
    url = {https://www.sandvine.com/phenomena},
    urldate = {2019-09-01}
}

@article{bittorrent-details,
    author = {Cohen, Bram},
    year = {2003},
    month = jun,
    title = {Incentives build robustness in BitTorrent},
    volume = {6},
    pages = {68-72},
    journal = {Workshop on Economics of Peer-to-Peer systems}
}


@article{locality-aware-p2p,
    author = {Aggarwal, Vinay and Feldmann, Anja},
    year = {2008},
    month = jun,
    title = {Locality-aware P2P query search with ISP collaboration},
    volume = {3},
    journal = {Networks and Heterogeneous Media},
}

@INPROCEEDINGS{qin2009,
    author={F. {Qin} and J. {Liu} and L. {Zheng} and L. {Ge}},
    booktitle={2009 Fifth International Conference on Intelligent Information Hiding and Multimedia Signal Processing},
    title={An Effective Network-Aware Peer Selection Algorithm in BitTorrent},
    year={2009},
    volume={},
    number={},
    month=sep
}

@inproceedings{estimating-gnutella,
    author    = {Vinay Aggarwal and Stefan Bender and Anja Feldmann and Arne Wichmann},
    title     = {Methodology for Estimating Network Distances of Gnutella Neighbors},
    booktitle = {34. Jahrestagung der Gesellschaft f{\"{u}}r Informatik, Informatik verbindet},
    volume    = {{P-51}},
    pages     = {219--223},
    year      = {2004}
}

@INPROCEEDINGS{liao2014,
    author={Q. {Liao} and Z. {Li} and A. {Striegel}},
    booktitle={2014 23rd International Conference on Computer Communication and Networks (ICCCN)},
    title={Is more P2P always bad for ISPs? An analysis of P2P and ISP business models},
    year={2014},
    volume={},
    number={},
    ISSN={},
    month=aug
}

@INPROCEEDINGS{seedorf2009,
  author={J. {Seedorf} and S. {Kiesel} and M. {Stiemerling}},
  booktitle={2009 IEEE Ninth International Conference on Peer-to-Peer Computing}, 
  title={Traffic localization for P2P-applications: The ALTO approach}, 
  year={2009},
  volume={},
  number={},
  pages={171-177}
}

@INPROCEEDINGS{gromov2014,
    author={M. L. {Gromov} and Y. P. {Chebotareva}},
    booktitle={2014 15th International Conference of Young Specialists on Micro/Nanotechnologies and Electron Devices (EDM)},
    title={On optimal CDN node selection},
    year={2014},
    volume={},
    number={},
    ISSN={},
    month=jun
}

@INPROCEEDINGS{kim2011,
    author={T. N. {Kim} and S. {Jeon} and Y. {Kim}},
    booktitle={2011 IEEE 15th International Symposium on Consumer Electronics (ISCE)},
    title={A CDN-P2P hybrid architecture with content/location awareness for live streaming service networks},
    year={2011},
    volume={},
    number={},
    ISSN={},
    month=jun
}

@INPROCEEDINGS{wichtlhuber2017,
    author={M. {Wichtlhuber} and J. {Kessler} and S. {Bücker} and I. {Poese} and J. {Blendin} and C. {Koch} and D. {Hausheer}},
    booktitle={2017 IFIP Networking Conference (IFIP Networking) and Workshops},
    title={SoDA: Enabling CDN-ISP collaboration with software defined anycast},
    year={2017},
    ISSN={},
    month=jun
}

@article{dan-Commag10,
    author = {Dán, György and Hossfeld, Tobias and Oechsner, Simon and Cholda, Piotr and Stankiewicz, Rafal and Papafili, Ioanna and Stamoulis, George},
    year = {2011},
    month = may,
    pages = {222-230},
    title = {Interaction Patterns between P2P Content Distribution Systems and ISPs},
    volume = {49},
    journal = {IEEE Communications Magazine},
}

@INPROCEEDINGS{kenichi,
    author={K. {Mase} and A. {Tsuno} and Y. {Toyama} and N. {Karasawa}},
    booktitle={ICC 2001. IEEE International Conference on Communications. Conference Record (Cat. No.01CH37240)},
    title={A Web server selection algorithm using QoS measurement},
    year={2001},
    volume={8},
    number={},
    ISSN={},
    month=jun
}

@INPROCEEDINGS{swain,
    author={M. {Swain} and {Young-Gyun Kim}},
    booktitle={Proceedings of IEEE SoutheastCon, 2005.},
    title={Finding an optimal mirror site},
    year={2005},
    volume={},
    number={},
    ISSN={},
    month=apr
}

@misc{alto-about,
    title = {Application-Layer Traffic Optimization (ALTO)},
    year = {2019},
    month = nov,
    url = {https://datatracker.ietf.org/wg/alto/about/}}
}

@misc{alto-problem-statement,
	series =	{Request for Comments},
	number =	5693,
	howpublished =	{RFC 5693},
	publisher =	{RFC Editor},
	url =		{https://rfc-editor.org/rfc/rfc5693.txt},
    author =	{Jan Seedorf and Eric Burger},
	title =		{{Application-Layer Traffic Optimization (ALTO) Problem Statement}},
	pagetotal =	14,
	year =		2009,
	month =		oct
}

@techreport{alto-multi-domain-use-cases,
	number =	{draft-lachos-alto-multi-domain-use-cases-01},
	type =		{Internet-Draft},
	institution =	{Internet Engineering Task Force},
	publisher =	{Internet Engineering Task Force},
	note =		{Work in Progress},
	url =		{https://datatracker.ietf.org/doc/html/draft-lachos-alto-multi-domain-use-cases-01},
    author =	{Danny Alex Lachos Perez and Christian Esteve Rothenberg and Qiao Xiang and Y. Richard Yang and Börje Ohlman and Sabine Randriamasy and Farni Boten and Luis M. Contreras and J. (Jensen) Zhang and Kai Gao},
	title =		{{Supporting Multi-domain Use Cases with ALTO}},
	year =		2020,
	month =		jul,
}

@misc{bittorrent,
    url = {http://bittirrent.org/beps/bep_0003.html},
    title  = {BitTorrent},
    urldate = {2020-05-20}
}

@misc{gnutella,
    url = {https://www.gnu.org/philosophy/gnutella.en.html},
    title = {Gnutella},
    urldate = {2020-05-20}
}

@misc{napster,
    url = {https://www.napster.com/},
    title = {Napster},
    urldate = {2020-05-20}
}

@misc{freenet,
    url = {https://freenetproject.org/},
    title = {Freenet},
    urldate = {2020-05-20}
}

@misc{sandvine,
    url = {https://www.sandvine.com/},
    title = {Sandvine},
    urldate = {2020-05-20}
}

@online{gnutella-flood,
    author = {{Wikipedia Commons}},
    title = {The gnutella search and retrieval protocol},
    url = {https://en.wikipedia.org/wiki/Gnutella#/media/File:GnutellaQuery.JPG}},
    urldate = {2020-05-20}
}

@misc{alto-protocol,
    series =	{Request for Comments},
    number =	7285,
    howpublished =	{RFC 7285},
    publisher =	{RFC Editor},
    url =		{https://rfc-editor.org/rfc/rfc7285.txt},
    author =	{Sebastian Kiesel and Wendy Roome and Richard Woundy and Stefano Previdi and Stanislav Shalunov and Richard Alimi and Reinaldo Penno and Y. Richard Yang},
    title =		{{Application-Layer Traffic Optimization (ALTO) Protocol}},
    pagetotal =	91,
    year =		2014,
    month =		sep,
}

@misc{cdni-problem-statement,
    series =	{Request for Comments},
    number =	6707,
    howpublished =	{RFC 6707},
    publisher =	{RFC Editor},
    url =		{https://rfc-editor.org/rfc/rfc6707.txt},
    author =	{Ben Niven-Jenkins and François Le Faucheur and Dr. Nabil N. Bitar},
    title =		{{Content Distribution Network Interconnection (CDNI) Problem Statement}},
    pagetotal =	32,
    year =		2012,
    month =		sep,
}

@techreport{alto-cdni,
    number =	{draft-ietf-alto-cdni-request-routing-alto-08},
    type =		{Internet-Draft},
    institution =	{Internet Engineering Task Force},
    publisher =	{Internet Engineering Task Force},
    note =		{Work in Progress},
    url =		{https://datatracker.ietf.org/doc/html/draft-ietf-alto-cdni-request-routing-alto-08},
    author =	{Jan Seedorf and Y. Richard Yang and Kevin J. Ma and Jon Peterson and Xiao Shawn Lin and Jingxuan Jensen Zhang},
    title =		{{Content Delivery Network Interconnection (CDNI) Request Routing: CDNI Footprint and Capabilities Advertisement using ALTO}},
    pagetotal =	38,
    year =		2019,
    month =		nov,
    day =		4,
}

@techreport{alto-calendar-cost-map,
	number =	{draft-ietf-alto-cost-calendar-21},
	type =		{Internet-Draft},
	institution =	{Internet Engineering Task Force},
	publisher =	{Internet Engineering Task Force},
	note =		{Work in Progress},
	url =		{https://datatracker.ietf.org/doc/html/draft-ietf-alto-cost-calendar-21},
        author =	{Sabine Randriamasy and Y. Richard Yang and Qin Wu and Deng Lingli and Nico Schwan},
	title =		{{Application-Layer Traffic Optimization (ALTO) Cost Calendar}},
	year =		2020,
	month =		mar,
	day =		17,
}

@techreport{alto-cost-metrics,
    number =	{draft-ietf-alto-performance-metrics-08},
    type =		{Internet-Draft},
    institution =	{Internet Engineering Task Force},
    publisher =	{Internet Engineering Task Force},
    note =		{Work in Progress},
    url =		{https://datatracker.ietf.org/doc/html/draft-ietf-alto-performance-metrics-08},
    author =	{Qin Wu and Y. Richard Yang and Young Lee and Dhruv Dhody and Sabine Randriamasy},
    title =		{{ALTO Performance Cost Metrics}},
    pagetotal =	29,
    year =		2019,
    month =		nov
}

@techreport{alto-determining-service-edge,
	number =	{draft-contreras-alto-service-edge-01},
	type =		{Internet-Draft},
	institution =	{Internet Engineering Task Force},
	publisher =	{Internet Engineering Task Force},
	note =		{Work in Progress},
	url =		{https://datatracker.ietf.org/doc/html/draft-contreras-alto-service-edge-01},
    author =	{Luis M. Contreras and Danny Alex Lachos Perez and Christian Esteve Rothenberg},
	title =		{{Use of ALTO for Determining Service Edge}},
	year =		2020,
	month =		jul
}

@techreport{alto-path-vector,
	number =	{draft-ietf-alto-path-vector-11},
	type =		{Internet-Draft},
	institution =	{Internet Engineering Task Force},
	publisher =	{Internet Engineering Task Force},
	note =		{Work in Progress},
	url =		{https://datatracker.ietf.org/doc/html/draft-ietf-alto-path-vector-11},
    author =	{Kai Gao and Young Lee and Sabine Randriamasy and Y. Richard Yang and J. (Jensen) Zhang},
	title =		{{ALTO Extension: Path Vector}},
	year =		2020,
	month =		jul
}

@misc{alto-deployment-considerations,
	series =	{Request for Comments},
	number =	7971,
	howpublished =	{RFC 7971},
	publisher =	{RFC Editor},
	url =		{https://rfc-editor.org/rfc/rfc7971.txt},
    author =	{Martin Stiemerling and Sebastian Kiesel and Michael Scharf and Hans Seidel and Stefano Previdi},
	title =		{{Application-Layer Traffic Optimization (ALTO) Deployment Considerations}},
	year =		2016,
	month =		oct,
}

@misc{alto-multi-cost,
	series =	{Request for Comments},
	number =	8189,
	howpublished =	{RFC 8189},
	publisher =	{RFC Editor},
	url =		{https://rfc-editor.org/rfc/rfc8189.txt},
    author =	{Sabine Randriamasy and Wendy Roome and Nico Schwan},
	title =		{{Multi-Cost Application-Layer Traffic Optimization (ALTO)}},
	year =		2017,
	month =		oct,
}

@book{cookbook,
    author = {Nemeth, Evi and Snyder, Garth and Hein, Trent R. and Whaley, Ben and Mackin, Dan},
    title = {UNIX and Linux System Administration Handbook (5th Edition)},
    year = {2017},
    publisher = {Addison-Wesley Professional},
    edition = {5th}
}

@misc{mint-article,
    title = {Why you should switch to a different Linux Mint Mirror today!},
    url = {https://unlockforus.com/why-you-should-switch-to-a-different-linux-mint-mirror-today/},
    urldate = {2020-01-03}
}

@misc{global-dots,
    title = {What is a CDN? Content Delivery Network explained by GlobalDots},
    url = {https://www.globaldots.com/content-delivery-network-explained#content-delivery-networks-for-specific-verticals},
    urldate = {2020-01-03}
}

@article{akella,
    author = {Akella, Aditya and Seshan, Srinivasan and Shaikh, Anees},
    year = {2003},
    month = may,
    pages = {},
    title = {An Empirical Evaluation of Wide-Area Internet Bottlenecks},
    volume = {31},
    journal = {ACM SIGMETRICS Performance Evaluation Review},
}

@misc{freehaven,
    title = {The Free Haven Project},
    url = {https://www.freehaven.net/overview.html},
    urldate = {2020-05-20}
}

@misc{overlay-vs-underlay,
    title = {P2P System Topology},
    author = {Claudio Fiandrino},
    url = {https://texample.net/tikz/examples/p2p-topology/},
    urldate = {l2020-06-04}
}

@misc{ppstream,
    title = {PPStream},
    url = {http://pps.tv/},
    urldate = {2020-05-20}
}

@misc{java,
    title = {Java},
    url = {https://www.java.com/en/},
    urldate = {2020-09-20}
}

@misc{article-3,
    title = {Regulation (eu) 2015/2120 of the European Parliament and of the Council},
    url = {https://eur-lex.europa.eu/legal-content/EN/TXT/HTML/?uri=CELEX:32015R2120&rid=2#d1e445-1-1},
    urldate = {2020-09-20},
    journal = {Official journal of the European Union}
}

@misc{plusnet,
    title = {Plusnet},
    url = {https://www.plus.net/},
    urldate = {2020-09-20}
}

@misc{meo,
    title = {Meo},
    url = {https://www.meo.pt/},
    urldate = {2020-09-20}
}

@misc{facebook,
    title = {Facebook},
    url = {https://www.facebook.com/},
    urldate = {2020-09-20}
}

@misc{spotify,
    title = {Spotify},
    url = {https://www.spotify.com/},
    urldate = {2020-09-20}
}

@misc{cloudflare,
    title = {Cloudflare},
    url = {https://www.cloudflare.com/},
    urldate = {2020-09-20}
}

@misc{cloudfront,
    title = {CloudFront},
    url = {https://aws.amazon.com/cloudfront/},
    urldate = {2020-09-20}
}

@misc{mongodb,
    title = {MongoDB},
    url = {https://www.mongodb.com/},
    urldate = {2020-09-20}
}

@misc{akamai,
    title = {Akamai},
    url = {https://www.akamai.com/},
    urldate = {2020-09-20}
}

@misc{vcmd,
    title = {vcmd},
    url = {http://manpages.ubuntu.com/manpages/trusty/man1/vcmd.1.html},
    urldate = {2020-09-20}
}

@misc{awk,
    title = {awk},
    url = {https://www.gnu.org/software/gawk/manual/gawk.html},
    urldate = {2020-09-20}
}

@misc{python,
    title = {Python},
    url = {https://www.python.org/},
    urldate = {2020-09-20}
}

@misc{att,
    title = {AT\&T},
    url = {https://www.att.com/},
    urldate = {2020-09-20}
}

@misc{orange,
    title = {Orange},
    url = {https://www.orange.com/},
    urldate = {2020-09-20}
}

@misc{swisscom,
    title = {Swisscom},
    url = {https://www.swisscom.ch/},
    urldate = {2020-09-20}
}

@misc{kt,
    title = {KT},
    url = {https://corp.kt.com/},
    urldate = {2020-09-20}
}

@misc{java-spring,
    title = {Java Spring},
    url = {https://spring.io/},
    urldate = {2020-09-20}
}

@misc{linux-mint,
    title = {Linux Mint},
    url = {https://linuxmint.com/},
    urldate = {2020-09-20}
}

@misc{fcc,
    title = {Federal Communications Commission},
    url = {https://www.fcc.gov/},
    urldate = {2020-09-20}
}

@article{stoica2003,
    author = {Stoica, Ion and Morris, Robert and Liben-Nowell, David and Karger, David R. and Kaashoek, M. Frans and Dabek, Frank and Balakrishnan, Hari},
    title = {Chord: A Scalable Peer-to-Peer Lookup Protocol for Internet Applications},
    year = {2003},
    publisher = {IEEE Press},
    volume = {11},
    journal = {IEEE/ACM Transactions on Networking},
    month = feb,
    pages = {17–32}
}

@article{jiangchuanliu2008,
    author = {Liu, Jiangchuan and Rao, Sanjay and Li, Bo and Zhang, Hui},
    year = {2008},
    month = feb,
    pages = {11 - 24},
    title = {Opportunities and Challenges of Peer-to-Peer Internet Video Broadcast},
    volume = {96},
    journal = {Proceedings of the IEEE}
}

@article{freeriding-gnutella,
    title={Free Riding on Gnutella},
    author={Eytan Adar and Bernardo A. Huberman},
    journal={First Monday},
    year={2000},
    volume={5}
}

@INPROCEEDINGS{altruistic-gnutella,
    author={D. {Hughes} and I. {Warren} and G. {Coulson}},
    booktitle={Proceedings of the 3rd International Conference on Peer-to-Peer Computing (P2P2003)},
    title={AGnuS: the altruistic Gnutella server},
    year={2003}
}

@INPROCEEDINGS{isp-p2p-tussle,
    author={J. H. {Wang} and D. M. {Chiu} and J. C. s. {Lui}},
    booktitle={200614th IEEE International Workshop on Quality of Service},
    title={Modeling the Peering and Routing Tussle between ISPs and P2P Applications},
    year={2006},
}

@techreport{cdn-survey,
    author = {Pathan, A. and Buyya, R.},
    title = {A taxonomy and survey of content delivery networks},
    institution = {Grid Computing and Distributed Systems Laboratory, The University of Melbourne},
    month = feb,
    year = 2007
}


@INPROCEEDINGS{topology-aware-p2p-server-selection,
    author={S. {Ratnasamy} and M. {Handley} and R. {Karp} and S. {Shenker}},
    booktitle={Twenty-First Annual Joint Conference of the IEEE Computer and Communications Societies},
    title={Topologically-aware overlay construction and server selection},
    year={2002},
    volume={3},
    pages={1190-1199}
}

@misc{http-basic,
    series =	{Request for Comments},
    number =	7617,
    howpublished =	{RFC 7617},
    publisher =	{RFC Editor},
    url =		{https://rfc-editor.org/rfc/rfc7617.txt},
    author =	{Julian Reschke},
    title =		{The 'Basic' HTTP Authentication Scheme},
    year =		2015,
    month =		sep
}

@misc{http-digest,
	series =	{Request for Comments},
	number =	7616,
	howpublished =	{RFC 7616},
	publisher =	{RFC Editor},
	url =		{https://rfc-editor.org/rfc/rfc7616.txt},
    author =	{Rifaat Shekh-Yusef and David Ahrens and Sophie Bremer},
	title =		{{HTTP Digest Access Authentication}},
	year =		2015,
	month =		sep,
}

@INPROCEEDINGS{dns-https,
    author={K. {Bumanglag} and H. {Kettani}},
    booktitle={3rd International Conference on Information and Computer Technologies (ICICT)}, 
    title={On the Impact of DNS Over HTTPS Paradigm on Cyber Systems}, 
    year={2020},
    pages={494-499},
}

@inproceedings{load-balancing,
    author = {Elngomi, Zahra and Khanfar, Khalid},
    booktitle={International Journal of Computer Science and Mobile Computing},
    year = {2016},
    month = jun,
    pages = {448-458},
    title = {A Comparative Study of Load Balancing Algorithms: A Review Paper},
}

@ARTICLE{idmaps,
    author={P. {Francis} and S. {Jamin} and  {Cheng Jin} and  {Yixin Jin} and D. {Raz} and Y. {Shavitt} and L. {Zhang}},
    journal={IEEE/ACM Transactions on Networking},
    title={IDMaps: a global Internet host distance estimation service},
    year={2001},
    volume={9},
    number={5},
    pages={525-540},
}

@INPROCEEDINGS{gnp,
    author={T. S. E. {Ng} and  {Hui Zhang}},
    booktitle={Proceedings.Twenty-First Annual Joint Conference of the IEEE Computer and Communications Societies},
    title={Predicting Internet network distance with coordinates-based approaches},
    year={2002},
    volume={1},
    number={},
    pages={170-179 vol.1},
}

@article{pushing-cdn-isp-collaboration,
    author = {Frank, Benjamin and Poese, Ingmar and Lin, Yin and Smaragdakis, Georgios and Feldmann, Anja and Maggs, Bruce and Rake, Jannis and Uhlig, Steve and Weber, Rick},
    title = {Pushing CDN-ISP Collaboration to the Limit},
    year = {2013},
    volume = {43},
    number = {3},
    journal = {SIGCOMM Comput. Commun. Rev.},
    month = jul,
    pages = {34–44},
}

@article{cdn-isp-cooperations,
    author = {Deshpande, Raghunath},
    year = {2014},
    month = jul,
    title = {Overview of CDN-ISP Collaboration Strategies},
    journal = {SDN Seminar SoSe}
}

@article{sdn-load-balancing,
    author = {Xiaohui Yang Lei Wang},
    title = {SDN Load Balancing Method based on K-Dijkstra},
    year = {2018},
    journal = {International Journal of Performability Engineering},
    volume = {14},
    pages = {709},
}    

@INPROCEEDINGS{dns-load-balancing,
    author={Chin, Mei and Tan, Chong and Bandan, Mohamad},
    booktitle={8th Asia-Pacific Symposium on Information and Telecommunication Technologies}, 
    title={Efficient load balancing for bursty demand in web based application services via domain name services}, 
    year={2010},
    volume={},
    number={},
    pages={1-4},
}

@article{pfa-10,
  author={I. {Poese} and B. {Frank} and B. {Ager} and G. {Smaragdakis} and S. {Uhlig} and A. {Feldmann}},
  journal={IEEE Internet Computing},
  title={Improving Content Delivery with PaDIS},
  year={2012},
  volume={16},
  number={3},
  pages={46-52},
}

@inproceedings{fps-12,
    author =       "Benjamin Frank and Ingmar Poese and Georgios Smaragdakis and Steve Uhlig and Anja Feldmann",
    title =        "{Content-aware Traffic Engineering}",
    booktitle =    {Proceedings of ACM SIGMETRICS 2012},
    year =         {2012},
    month =        jun
}

@misc{stride,
    url = {https://docs.microsoft.com/en-us/previous-versions/commerce-server/ee823878(v=cs.20)?redirectedfrom=MSDN},
    title  = {The STRIDE Threat model},
    urldate = {2020-09-20}
}

@techreport{qos-framework,
    author = {Barbara Van Schewick},
    title = {Network Neutrality and Quality of Service: What a non-discrimination Rule Should Look Like},
    year = {2012},
    month = jun,
    volume = {67},
    journal = {Stan. L. Rev},
    pages = {1}
}

@misc{arstechnica,
    author = {Nate Anderson},
    url = {https://arstechnica.com/gadgets/2007/07/deep-packet-inspection-meets-net-neutrality/2/},
    title = {Deep packet inspection meets ‘Net neutrality'},
    urldate = {2020-09-20}
}

@misc{meo-packages,
    url = {https://www.meo.pt/telemovel/tarifarios/unlimited},
    title = {Tarifários Móveis Pós-pagos Unlimited},
    urldate = {2017-12-14}
}

@incollection{cliserv-p2p,
    author = {{Liu}, Lu and {Antonopoulos}, Nick},
    title = {From Client-Server to P2P Networking},
    booktitle = {Handbook of Peer-to-Peer Networking},
    year = 2010,
    pages = {71--89}
}

@INPROCEEDINGS{qos-aware,
  author={J. {Domzal} and R. {Wójcik} and A. {Jajszczyk}},
  booktitle={2009 First International Conference on Evolving Internet},
  title={QoS-Aware Net Neutrality},
  year={2009},
  volume={},
  number={},
  pages={147-152},
}

@misc{wikipedia,
    title = {Wikipedia},
    url = {https://en.wikipedia.org},
    urldate = {2020-09-20}
}

@misc{cisco,
    title = {Cisco},
    url = {https://www.cisco.com/},
    urldate = {2020-12-01}
}

@misc{core,
    title = {Common Open Research Emulator},
    url = {https://www.nrl.navy.mil/itd/ncs/products/core},
    urldate = {2020-09-20}
}

@misc{wikipedia-zero,
    title = {Wikipedia Zero},
    url = {https://en.wikipedia.org/wiki/Wikipedia_Zero},
    urldate = {2020-09-20}
}

@misc{network-neutrality-developing,
    title = {Net Neutrality Is Already in Trouble in the Developing World},
    author = {Lily Hay Newman},
    url = {https://slate.com/technology/2014/01/net-neutrality-internet-access-is-already-in-trouble-in-the-developing-world.html},
    year = {2014},
    month = jan,
    urldate = {2020-25-10}
}

@Inproceedings{rev1,
    author="Pereira, Vitor and Rocha, Miguel and Cortez, Paulo and Rio, Miguel and Sousa, Pedro",
    title="A Framework for Robust Traffic Engineering Using Evolutionary Computation",
    booktitle="7th International Conference on Autonomous Infrastructure, Management and Security (AIMS 2013)",
    pages="2-13",
}

@ARTICLE{rev2,
    author={V. {Pereira} and M. {Rocha} and P. {Sousa}},
    journal={IEEE Transactions on Network and Service Management}, 
    title={Traffic Engineering With Three-Segments Routing}, 
    year={2020},
    month=sep,
    volume={17},
    number={3},
    pages={1896-1909}
}

@article{rev3,
    author = {Sousa, Pedro},
    year = {2015},
    month = apr,
    pages = {37-47},
    title = {Towards Effective Control of P2P Traffic Aggregates in Network Infrastructures},
    volume = {11},
    journal = {Journal of Communications Software and Systems}
}


